<collection xmlns="http://www.loc.gov/MARC21/slim"><record><leader>00690nam  2200205   450</leader><controlfield tag="001">953</controlfield><controlfield tag="003">http://montalegre.opacnet.com/OPAC/default.aspx?ContentAreaControl=ShowRegHoldings.ascx&amp;RegNo=16662</controlfield><datafield tag="100" ind1=" " ind2=" "><subfield code="a">19740701d1974    m  y0pora0103    ba</subfield></datafield><datafield tag="101" ind1="1" ind2=" "><subfield code="a">por</subfield><subfield code="c">fre</subfield></datafield><datafield tag="102" ind1=" " ind2=" "><subfield code="a">PT</subfield></datafield><datafield tag="200" ind1="1" ind2=" "><subfield code="a">&lt;A &gt;aventura no masculino</subfield><subfield code="f">Huguette Maure</subfield><subfield code="g">trad. Artur Martins</subfield></datafield><datafield tag="205" ind1=" " ind2=" "><subfield code="a">2ª ed</subfield></datafield><datafield tag="210" ind1=" " ind2=" "><subfield code="a">Amadora</subfield><subfield code="c">Bertrand</subfield><subfield code="d">1974</subfield></datafield><datafield tag="215" ind1=" " ind2=" "><subfield code="a">303, [1] p.</subfield><subfield code="d">18 cm</subfield></datafield><datafield tag="304" ind1=" " ind2=" "><subfield code="a">Tít. orig. : L'aventure au maculin</subfield></datafield><datafield tag="675" ind1=" " ind2=" "><subfield code="a">821</subfield><subfield code="v">BN</subfield><subfield code="z">por</subfield><subfield code="3">288125</subfield></datafield><datafield tag="700" ind1=" " ind2="1"><subfield code="a">Maure</subfield><subfield code="b">Huguette</subfield><subfield code="3">247623</subfield></datafield><datafield tag="702" ind1=" " ind2="1"><subfield code="9">1</subfield><subfield code="a">Martins</subfield><subfield code="b">Artur</subfield><subfield code="4">730</subfield><subfield code="3">184418</subfield></datafield><datafield tag="801" ind1=" " ind2="0"><subfield code="a">PT</subfield><subfield code="b">Biblioteca Municipal de Montalegre</subfield><subfield code="g">RPC</subfield></datafield><datafield tag="856" ind1=" " ind2=" "><subfield code="u">locateMedia.asp?cod=20060703113318&amp;ext=jpg</subfield><subfield code="z">CAPA</subfield></datafield><datafield tag="909" ind1="&#9;" ind2=" "><subfield code="a">1</subfield></datafield><datafield tag="966" ind1=" " ind2=" "><subfield code="a">0009107</subfield><subfield code="l">BMM</subfield><subfield code="s">SCG 821 MAU ave</subfield></datafield></record></collection>